%YAML 1.1
%TAG !u! tag:unity3d.com,2011:
--- !u!241 &24100000
AudioMixerController:
  m_ObjectHideFlags: 0
  m_PrefabParentObject: {fileID: 0}
  m_PrefabInternal: {fileID: 0}
  m_Name: MainMix
  m_OutputGroup: {fileID: 0}
  m_MasterGroup: {fileID: 24300002}
  m_Snapshots:
  - {fileID: 24500006}
  m_StartSnapshot: {fileID: 24500006}
  m_SuspendThreshold: -80
  m_EnableSuspend: 1
  m_UpdateMode: 0
  m_ExposedParameters: []
  m_AudioMixerGroupViews:
  - guids:
    - 04e221e4845524f71ac9391328592115
    - 3fb36960aa39645f885dcaef81541e10
    - 30621266776e1406b99f0a684b4a016f
    - 50cbae9c112b147adaa8f1efa8402150
    name: View
  m_CurrentViewIndex: 0
  m_TargetSnapshot: {fileID: 24500006}
--- !u!243 &24300002
AudioMixerGroupController:
  m_ObjectHideFlags: 0
  m_PrefabParentObject: {fileID: 0}
  m_PrefabInternal: {fileID: 0}
  m_Name: Master
  m_AudioMixer: {fileID: 24100000}
  m_GroupID: 04e221e4845524f71ac9391328592115
  m_Children:
  - {fileID: 243986531827693304}
  - {fileID: 243633346887458964}
  - {fileID: 243266377663246300}
  m_Volume: 7b23ed6132d254f348436c7a464f1b7e
  m_Pitch: fd49b933d8a054bb8afb49b9976c84bd
  m_Effects:
  - {fileID: 24400004}
  m_UserColorIndex: 0
  m_Mute: 0
  m_Solo: 0
  m_BypassEffects: 0
--- !u!244 &24400004
AudioMixerEffectController:
  m_ObjectHideFlags: 3
  m_PrefabParentObject: {fileID: 0}
  m_PrefabInternal: {fileID: 0}
  m_Name: 
  m_EffectID: 4b246976ac83643d4bcddd214ce0bce3
  m_EffectName: Attenuation
  m_MixLevel: 869f3ab5819ad4996ae11e69669e0706
  m_Parameters: []
  m_SendTarget: {fileID: 0}
  m_EnableWetMix: 0
  m_Bypass: 0
--- !u!245 &24500006
AudioMixerSnapshotController:
  m_ObjectHideFlags: 0
  m_PrefabParentObject: {fileID: 0}
  m_PrefabInternal: {fileID: 0}
  m_Name: Snapshot
  m_AudioMixer: {fileID: 24100000}
  m_SnapshotID: 6a588b3a679ad4848b4c2b7b7e5fcde1
  m_FloatValues:
    18fae3c11ddc84803ad9fd02279497fd: 0
    607179231785442a7a9d1079e0308233: -24.900742
    bfe78a34f96f54b4bb2ff78325ea7035: -45.1
    fa6415e47669a46bba43f46ef7c52b52: -12.498478
    1119d415dafd146538b4147536fcb765: 0
    8b4831de56b81434ab96b2e7e5dc0f13: 2.5
  m_TransitionOverrides: {}
--- !u!243 &243266377663246300
AudioMixerGroupController:
  m_ObjectHideFlags: 0
  m_PrefabParentObject: {fileID: 0}
  m_PrefabInternal: {fileID: 0}
  m_Name: Driving
  m_AudioMixer: {fileID: 24100000}
  m_GroupID: 50cbae9c112b147adaa8f1efa8402150
  m_Children: []
  m_Volume: 607179231785442a7a9d1079e0308233
  m_Pitch: a8b48c0fee235460995f2e707268bf18
  m_Effects:
  - {fileID: 244601619262728248}
  m_UserColorIndex: 0
  m_Mute: 0
  m_Solo: 0
  m_BypassEffects: 0
--- !u!243 &243633346887458964
AudioMixerGroupController:
  m_ObjectHideFlags: 0
  m_PrefabParentObject: {fileID: 0}
  m_PrefabInternal: {fileID: 0}
  m_Name: SFX
  m_AudioMixer: {fileID: 24100000}
  m_GroupID: 30621266776e1406b99f0a684b4a016f
  m_Children: []
  m_Volume: bb29af5ba7cc14f299587c62abd3af9c
  m_Pitch: 4d133e6f70f804945b2ff24c40d989c5
  m_Effects:
  - {fileID: 244854977534257078}
  - {fileID: 244170821574360692}
  m_UserColorIndex: 0
  m_Mute: 0
  m_Solo: 0
  m_BypassEffects: 0
--- !u!243 &243986531827693304
AudioMixerGroupController:
  m_ObjectHideFlags: 0
  m_PrefabParentObject: {fileID: 0}
  m_PrefabInternal: {fileID: 0}
  m_Name: Music
  m_AudioMixer: {fileID: 24100000}
  m_GroupID: 3fb36960aa39645f885dcaef81541e10
  m_Children: []
  m_Volume: fa6415e47669a46bba43f46ef7c52b52
  m_Pitch: 0dfabaa161e6b4488a805fddc5797ebd
  m_Effects:
  - {fileID: 244917643145598200}
  - {fileID: 244199549911640490}
  m_UserColorIndex: 0
  m_Mute: 0
  m_Solo: 0
  m_BypassEffects: 0
--- !u!244 &244170821574360692
AudioMixerEffectController:
  m_ObjectHideFlags: 3
  m_PrefabParentObject: {fileID: 0}
  m_PrefabInternal: {fileID: 0}
  m_Name: 
  m_EffectID: 640ce6b73107e4097b15bdc22c641c11
  m_EffectName: Send
  m_MixLevel: 18fae3c11ddc84803ad9fd02279497fd
  m_Parameters: []
  m_SendTarget: {fileID: 244199549911640490}
  m_EnableWetMix: 0
  m_Bypass: 0
--- !u!244 &244199549911640490
AudioMixerEffectController:
  m_ObjectHideFlags: 3
  m_PrefabParentObject: {fileID: 0}
  m_PrefabInternal: {fileID: 0}
  m_Name: 
  m_EffectID: 7f52a86d299864fdf87151991928fca0
  m_EffectName: Duck Volume
  m_MixLevel: 97f44f37c148143498d81d4207702f3e
  m_Parameters:
  - m_ParameterName: Threshold
    m_GUID: bfe78a34f96f54b4bb2ff78325ea7035
  - m_ParameterName: Ratio
    m_GUID: 8b4831de56b81434ab96b2e7e5dc0f13
  - m_ParameterName: Attack Time
    m_GUID: 1119d415dafd146538b4147536fcb765
  - m_ParameterName: Release Time
    m_GUID: ab14d15036f7a484085aa518edf89cd5
  - m_ParameterName: Make-up Gain
    m_GUID: c2dbea0f59a744ffbaf6b748dded31bd
  - m_ParameterName: Knee
    m_GUID: 8f2c2913794c34412a363789463e93f3
  - m_ParameterName: Sidechain Mix
    m_GUID: fa8727e139d6f47ecbaf66e57fd3bb2a
  m_SendTarget: {fileID: 0}
  m_EnableWetMix: 0
  m_Bypass: 0
--- !u!244 &244601619262728248
AudioMixerEffectController:
  m_ObjectHideFlags: 3
  m_PrefabParentObject: {fileID: 0}
  m_PrefabInternal: {fileID: 0}
  m_Name: 
  m_EffectID: 56ba42e43b1a04cdab4355f2ad7948b4
  m_EffectName: Attenuation
  m_MixLevel: 81c6c4723f1f64410a949da2eb2efe0c
  m_Parameters: []
  m_SendTarget: {fileID: 0}
  m_EnableWetMix: 0
  m_Bypass: 0
--- !u!244 &244854977534257078
AudioMixerEffectController:
  m_ObjectHideFlags: 3
  m_PrefabParentObject: {fileID: 0}
  m_PrefabInternal: {fileID: 0}
  m_Name: 
  m_EffectID: 8b9576dc1aea940de92749b904df0743
  m_EffectName: Attenuation
  m_MixLevel: 4e7db0b0bb828479bb0029649a890814
  m_Parameters: []
  m_SendTarget: {fileID: 0}
  m_EnableWetMix: 0
  m_Bypass: 0
--- !u!244 &244917643145598200
AudioMixerEffectController:
  m_ObjectHideFlags: 3
  m_PrefabParentObject: {fileID: 0}
  m_PrefabInternal: {fileID: 0}
  m_Name: 
  m_EffectID: 2faead1338d5e404281e068b849bdd55
  m_EffectName: Attenuation
  m_MixLevel: 1036b09c0a7414fa99408c404ce44a37
  m_Parameters: []
  m_SendTarget: {fileID: 0}
  m_EnableWetMix: 0
  m_Bypass: 0
